@FOOTNOTE{Note1,key="Note1",note="Specifically, in terms of the derivatives of a Dirac delta function\cite {Gerry2005}"}
@FOOTNOTE{Note2,key="Note2",note="Drive frequencies at multiphoton resonances induce the same effect"}
@FOOTNOTE{Note3,key="Note3",note="A Bogliubov transformation is a transformation from one unitary representation to another that is also an isomorphism between the representations' canonical commutator algebras"}
@FOOTNOTE{Note4,key="Note4",note=" Interestingly, setting $\gamma $ equal to zero at this point yields different asymptotic solutions to those for the system with $\gamma $ included and set to zero in the solution \cite {Carmichael2015}"}
